<?xml version="1.0" encoding="UTF-8"?><record xmlns="http://www.loc.gov/MARC21/slim" xmlns:cinclude="http://apache.org/cocoon/include/1.0" xmlns:zs="http://www.loc.gov/zing/srw/">
  <leader>00646cz  a2200157n  4500</leader>
  <controlfield tag="001">no2006088841</controlfield>
  <controlfield tag="003">DLC</controlfield>
  <controlfield tag="005">20130323093706.0</controlfield>
  <controlfield tag="008">060824n| azannaabn          |b ana     c</controlfield>
  <datafield tag="010" ind1=" " ind2=" ">
    <subfield code="a">no2006088841</subfield>
  </datafield>
  <datafield tag="035" ind1=" " ind2=" ">
    <subfield code="a">(OCoLC)oca07031660</subfield>
  </datafield>
  <datafield tag="040" ind1=" " ind2=" ">
    <subfield code="a">MsSM</subfield>
    <subfield code="b">eng</subfield>
    <subfield code="e">rda</subfield>
    <subfield code="c">MsSM</subfield>
    <subfield code="d">DLC</subfield>
  </datafield>
  <datafield tag="110" ind1="1" ind2=" ">
    <subfield code="a">Mississippi.</subfield>
    <subfield code="b">Department of Human Services.</subfield>
    <subfield code="b">Office for Children and Youth</subfield>
  </datafield>
  <datafield tag="410" ind1="1" ind2=" ">
    <subfield code="w">nnea</subfield>
    <subfield code="a">Mississippi.</subfield>
    <subfield code="b">Dept. of Human Services.</subfield>
    <subfield code="b">Office for Children and Youth</subfield>
  </datafield>
  <datafield tag="510" ind1="1" ind2=" ">
    <subfield code="w">r</subfield>
    <subfield code="i">Hierarchical superior:</subfield>
    <subfield code="a">Mississippi.</subfield>
    <subfield code="b">Department of Human Services</subfield>
  </datafield>
  <datafield tag="670" ind1=" " ind2=" ">
    <subfield code="a">Success express, c1991:</subfield>
    <subfield code="b">title frame (Mississippi Dept. of Human Services, Office for Children and Youth)</subfield>
  </datafield>
</record>